<record><leader>00000cas a22000007a 4500</leader><controlfield tag="001">20784305</controlfield><controlfield tag="008">891214d18941uuucouwr ne      0    0eng d</controlfield><datafield ind1=" " ind2=" " tag="010"><subfield code="a">sn 89052321 </subfield></datafield><datafield ind1=" " ind2=" " tag="040"><subfield code="a">CNQ</subfield><subfield code="b">eng</subfield><subfield code="c">CNQ</subfield><subfield code="d">OCLCQ</subfield></datafield><datafield ind1=" " ind2=" " tag="042"><subfield code="a">msc</subfield></datafield><datafield ind1="0" ind2="0" tag="245"><subfield code="a">Granite pay-streak.</subfield></datafield><datafield ind1="1" ind2="7" tag="246"><subfield code="a">Pay streak</subfield></datafield><datafield ind1=" " ind2=" " tag="260"><subfield code="a">Granite, Chaffee County, Colo. :</subfield><subfield code="b">Pay-Streak Pub. Co.</subfield></datafield><datafield ind1=" " ind2=" " tag="300"><subfield code="a">v.</subfield></datafield><datafield ind1=" " ind2=" " tag="310"><subfield code="a">Weekly</subfield></datafield><datafield ind1="1" ind2=" " tag="362"><subfield code="a">Began in 1894?</subfield></datafield><datafield ind1=" " ind2=" " tag="530"><subfield code="a">Available on microfilm from the Colorado Historical Society.</subfield></datafield><datafield ind1=" " ind2=" " tag="588"><subfield code="a">Description based on: Vol. 1, no. 45 (Mar. 2, 1895).</subfield></datafield><datafield ind1=" " ind2=" " tag="752"><subfield code="a">United States</subfield><subfield code="b">Colorado</subfield><subfield code="c">Chaffee</subfield><subfield code="d">Granite.</subfield></datafield><datafield ind1="0" ind2="0" tag="785"><subfield code="t">Leadville pay-streak continuation of Granite pay-streak</subfield><subfield code="w">(DLC)sn 90051798</subfield></datafield></record>